@article{zhang2022explaining,
  title={Explaining Graph-level Predictions with Communication Structure-Aware Cooperative Games},
  author={Zhang, Shichang and Shah, Neil and Liu, Yozen and Sun, Yizhou},
  journal={arXiv preprint arXiv:2201.12380},
  year={2022}
}